@misc{
  redis_commands,
  title = {{Commands}},
  howpublished = {\url{https://redis.io/commands/}},
  note = {Accessed: 2022-04-04}
}

@misc{
  redlock,
  title = {{Distributed Locks with Redis} A Distributed Lock Pattern with Redis},
  howpublished = {\url{https://redis.io/docs/reference/patterns/distributed-locks/}},
  note = {Accessed: 2022-04-04},
  author = {redis.io}
}

@misc{
  subpub,
  title = {{Redis Pub/Sub} How to use pub/sub channels in Redis},
  howpublished = {\url{https://redis.io/docs/manual/pubsub/}},
  note = {Accessed: 2022-04-04},
  author = {redis.io}
}

@misc{
  pipelining,
  title = {{Redis pipelining} How to optimize round-trip times by batching Redis commands},
  howpublished = {\url{https://redis.io/docs/manual/pipelining/}},
  note = {Accessed: 2022-04-04},
  author = {redis.io}
}

@misc{
  transaktion,
  title = {{Transactions} How transactions work in Redis},
  howpublished = {\url{https://redis.io/docs/manual/transactions/}},
  note = {Accessed: 2022-04-04},
  author = {redis.io}
}

@misc{ 
    protobuf,
    title = {{Protocol Buffers}},
    howpublished = {\url{https://developers.google.com/protocol-buffers}},
    note = {Accessed: 2022-04-05},
    author = {google.com}
}

@misc{
  cli11,
  title = {{CLI11} Command line parser for C++11},
  howpublished = {\url{https://github.com/CLIUtils/CLI11}},
  note = {Accessed: 2022-04-05}
}